%YAML 1.1
%TAG !u! tag:unity3d.com,2011:
--- !u!29 &1
OcclusionCullingSettings:
  m_ObjectHideFlags: 0
  serializedVersion: 2
  m_OcclusionBakeSettings:
    smallestOccluder: 5
    smallestHole: 0.25
    backfaceThreshold: 100
  m_SceneGUID: 00000000000000000000000000000000
  m_OcclusionCullingData: {fileID: 0}
--- !u!104 &2
RenderSettings:
  m_ObjectHideFlags: 0
  serializedVersion: 9
  m_Fog: 0
  m_FogColor: {r: 0.5, g: 0.5, b: 0.5, a: 1}
  m_FogMode: 3
  m_FogDensity: 0.01
  m_LinearFogStart: 0
  m_LinearFogEnd: 300
  m_AmbientSkyColor: {r: 0, g: 0.105722755, b: 0.4705882, a: 1}
  m_AmbientEquatorColor: {r: 0.46323532, g: 0.7739937, b: 1, a: 1}
  m_AmbientGroundColor: {r: 1, g: 0.68137276, b: 0.04411763, a: 1}
  m_AmbientIntensity: 1
  m_AmbientMode: 3
  m_SubtractiveShadowColor: {r: 0.42, g: 0.478, b: 0.627, a: 1}
  m_SkyboxMaterial: {fileID: 0}
  m_HaloStrength: 0.5
  m_FlareStrength: 1
  m_FlareFadeSpeed: 3
  m_HaloTexture: {fileID: 0}
  m_SpotCookie: {fileID: 10001, guid: 0000000000000000e000000000000000, type: 0}
  m_DefaultReflectionMode: 0
  m_DefaultReflectionResolution: 128
  m_ReflectionBounces: 1
  m_ReflectionIntensity: 1
  m_CustomReflection: {fileID: 0}
  m_Sun: {fileID: 0}
  m_IndirectSpecularColor: {r: 0, g: 0, b: 0, a: 1}
  m_UseRadianceAmbientProbe: 0
--- !u!157 &3
LightmapSettings:
  m_ObjectHideFlags: 0
  serializedVersion: 11
  m_GIWorkflowMode: 1
  m_GISettings:
    serializedVersion: 2
    m_BounceScale: 1
    m_IndirectOutputScale: 1
    m_AlbedoBoost: 1
    m_TemporalCoherenceThreshold: 1
    m_EnvironmentLightingMode: 0
    m_EnableBakedLightmaps: 1
    m_EnableRealtimeLightmaps: 0
  m_LightmapEditorSettings:
    serializedVersion: 10
    m_Resolution: 2
    m_BakeResolution: 40
    m_AtlasSize: 1024
    m_AO: 0
    m_AOMaxDistance: 1
    m_CompAOExponent: 1
    m_CompAOExponentDirect: 0
    m_Padding: 2
    m_LightmapParameters: {fileID: 0}
    m_LightmapsBakeMode: 1
    m_TextureCompression: 1
    m_FinalGather: 0
    m_FinalGatherFiltering: 1
    m_FinalGatherRayCount: 256
    m_ReflectionCompression: 2
    m_MixedBakeMode: 1
    m_BakeBackend: 0
    m_PVRSampling: 1
    m_PVRDirectSampleCount: 32
    m_PVRSampleCount: 500
    m_PVRBounces: 2
    m_PVRFilterTypeDirect: 0
    m_PVRFilterTypeIndirect: 0
    m_PVRFilterTypeAO: 0
    m_PVRFilteringMode: 0
    m_PVRCulling: 1
    m_PVRFilteringGaussRadiusDirect: 1
    m_PVRFilteringGaussRadiusIndirect: 5
    m_PVRFilteringGaussRadiusAO: 2
    m_PVRFilteringAtrousPositionSigmaDirect: 0.5
    m_PVRFilteringAtrousPositionSigmaIndirect: 2
    m_PVRFilteringAtrousPositionSigmaAO: 1
    m_ShowResolutionOverlay: 1
  m_LightingDataAsset: {fileID: 0}
  m_UseShadowmask: 0
--- !u!196 &4
NavMeshSettings:
  serializedVersion: 2
  m_ObjectHideFlags: 0
  m_BuildSettings:
    serializedVersion: 2
    agentTypeID: 0
    agentRadius: 0.5
    agentHeight: 2
    agentSlope: 45
    agentClimb: 0.4
    ledgeDropHeight: 0
    maxJumpAcrossDistance: 0
    minRegionArea: 2
    manualCellSize: 0
    cellSize: 0.16666667
    manualTileSize: 0
    tileSize: 256
    accuratePlacement: 0
    debug:
      m_Flags: 0
  m_NavMeshData: {fileID: 0}
--- !u!1 &72820808 stripped
GameObject:
  m_CorrespondingSourceObject: {fileID: 1434214343039216, guid: ca3e8429865a3504a8a3ab48bff29e61,
    type: 2}
  m_PrefabInternal: {fileID: 1486809736}
--- !u!114 &72820813
MonoBehaviour:
  m_ObjectHideFlags: 0
  m_CorrespondingSourceObject: {fileID: 0}
  m_PrefabInternal: {fileID: 0}
  m_GameObject: {fileID: 72820808}
  m_Enabled: 1
  m_EditorHideFlags: 0
  m_Script: {fileID: 11500000, guid: 37f51b407e3f2c14a830a3dc3da744ac, type: 3}
  m_Name: 
  m_EditorClassIdentifier: 
  manager: {fileID: 0}
  rb: {fileID: 0}
  status: {fileID: 0}
  myCollider: {fileID: 0}
  myCharacter: {fileID: 0}
  history: []
--- !u!1001 &136974387
Prefab:
  m_ObjectHideFlags: 0
  serializedVersion: 2
  m_Modification:
    m_TransformParent: {fileID: 0}
    m_Modifications:
    - target: {fileID: 4489510522863566, guid: 49de21a1eccc1d74197a51e65763b59b, type: 2}
      propertyPath: m_LocalPosition.x
      value: -0.02
      objectReference: {fileID: 0}
    - target: {fileID: 4489510522863566, guid: 49de21a1eccc1d74197a51e65763b59b, type: 2}
      propertyPath: m_LocalPosition.y
      value: -5.84
      objectReference: {fileID: 0}
    - target: {fileID: 4489510522863566, guid: 49de21a1eccc1d74197a51e65763b59b, type: 2}
      propertyPath: m_LocalPosition.z
      value: -10.32
      objectReference: {fileID: 0}
    - target: {fileID: 4489510522863566, guid: 49de21a1eccc1d74197a51e65763b59b, type: 2}
      propertyPath: m_LocalRotation.x
      value: 0
      objectReference: {fileID: 0}
    - target: {fileID: 4489510522863566, guid: 49de21a1eccc1d74197a51e65763b59b, type: 2}
      propertyPath: m_LocalRotation.y
      value: 0
      objectReference: {fileID: 0}
    - target: {fileID: 4489510522863566, guid: 49de21a1eccc1d74197a51e65763b59b, type: 2}
      propertyPath: m_LocalRotation.z
      value: 0
      objectReference: {fileID: 0}
    - target: {fileID: 4489510522863566, guid: 49de21a1eccc1d74197a51e65763b59b, type: 2}
      propertyPath: m_LocalRotation.w
      value: 1
      objectReference: {fileID: 0}
    - target: {fileID: 4489510522863566, guid: 49de21a1eccc1d74197a51e65763b59b, type: 2}
      propertyPath: m_RootOrder
      value: 2
      objectReference: {fileID: 0}
    - target: {fileID: 114311368472689214, guid: 49de21a1eccc1d74197a51e65763b59b,
        type: 2}
      propertyPath: volumeLayer.m_Bits
      value: 536870679
      objectReference: {fileID: 0}
    m_RemovedComponents: []
  m_SourcePrefab: {fileID: 100100000, guid: 49de21a1eccc1d74197a51e65763b59b, type: 2}
  m_IsPrefabAsset: 0
--- !u!1 &434492981
GameObject:
  m_ObjectHideFlags: 0
  m_CorrespondingSourceObject: {fileID: 0}
  m_PrefabInternal: {fileID: 0}
  serializedVersion: 6
  m_Component:
  - component: {fileID: 434492984}
  - component: {fileID: 434492983}
  - component: {fileID: 434492982}
  m_Layer: 0
  m_Name: Global Post-process Volume
  m_TagString: Untagged
  m_Icon: {fileID: 0}
  m_NavMeshLayer: 0
  m_StaticEditorFlags: 0
  m_IsActive: 1
--- !u!114 &434492982
MonoBehaviour:
  m_ObjectHideFlags: 0
  m_CorrespondingSourceObject: {fileID: 0}
  m_PrefabInternal: {fileID: 0}
  m_GameObject: {fileID: 434492981}
  m_Enabled: 1
  m_EditorHideFlags: 0
  m_Script: {fileID: 11500000, guid: 8b9a305e18de0c04dbd257a21cd47087, type: 3}
  m_Name: 
  m_EditorClassIdentifier: 
  sharedProfile: {fileID: 11400000, guid: 2bab51e16db5b284a9c0ffd81b5ebbc5, type: 2}
  isGlobal: 1
  blendDistance: 0
  weight: 0.958
  priority: 1
--- !u!65 &434492983
BoxCollider:
  m_ObjectHideFlags: 0
  m_CorrespondingSourceObject: {fileID: 0}
  m_PrefabInternal: {fileID: 0}
  m_GameObject: {fileID: 434492981}
  m_Material: {fileID: 0}
  m_IsTrigger: 1
  m_Enabled: 1
  serializedVersion: 2
  m_Size: {x: 60, y: 20, z: 20}
  m_Center: {x: 0, y: 0, z: 0}
--- !u!4 &434492984
Transform:
  m_ObjectHideFlags: 0
  m_CorrespondingSourceObject: {fileID: 0}
  m_PrefabInternal: {fileID: 0}
  m_GameObject: {fileID: 434492981}
  m_LocalRotation: {x: 0, y: 0, z: 0, w: 1}
  m_LocalPosition: {x: 0, y: 0, z: 0}
  m_LocalScale: {x: 1, y: 1, z: 1}
  m_Children: []
  m_Father: {fileID: 0}
  m_RootOrder: 7
  m_LocalEulerAnglesHint: {x: 0, y: 0, z: 0}
--- !u!1001 &556022265
Prefab:
  m_ObjectHideFlags: 0
  serializedVersion: 2
  m_Modification:
    m_TransformParent: {fileID: 0}
    m_Modifications:
    - target: {fileID: 4403011151039696, guid: db52ad91aa7598a4f817edfa143c70f4, type: 2}
      propertyPath: m_LocalPosition.x
      value: -3.86
      objectReference: {fileID: 0}
    - target: {fileID: 4403011151039696, guid: db52ad91aa7598a4f817edfa143c70f4, type: 2}
      propertyPath: m_LocalPosition.y
      value: -12.49
      objectReference: {fileID: 0}
    - target: {fileID: 4403011151039696, guid: db52ad91aa7598a4f817edfa143c70f4, type: 2}
      propertyPath: m_LocalPosition.z
      value: 0
      objectReference: {fileID: 0}
    - target: {fileID: 4403011151039696, guid: db52ad91aa7598a4f817edfa143c70f4, type: 2}
      propertyPath: m_LocalRotation.x
      value: 0
      objectReference: {fileID: 0}
    - target: {fileID: 4403011151039696, guid: db52ad91aa7598a4f817edfa143c70f4, type: 2}
      propertyPath: m_LocalRotation.y
      value: 0
      objectReference: {fileID: 0}
    - target: {fileID: 4403011151039696, guid: db52ad91aa7598a4f817edfa143c70f4, type: 2}
      propertyPath: m_LocalRotation.z
      value: 0
      objectReference: {fileID: 0}
    - target: {fileID: 4403011151039696, guid: db52ad91aa7598a4f817edfa143c70f4, type: 2}
      propertyPath: m_LocalRotation.w
      value: 1
      objectReference: {fileID: 0}
    - target: {fileID: 4403011151039696, guid: db52ad91aa7598a4f817edfa143c70f4, type: 2}
      propertyPath: m_RootOrder
      value: 6
      objectReference: {fileID: 0}
    - target: {fileID: 1086228517685216, guid: db52ad91aa7598a4f817edfa143c70f4, type: 2}
      propertyPath: m_IsActive
      value: 1
      objectReference: {fileID: 0}
    - target: {fileID: 1640791994663684, guid: db52ad91aa7598a4f817edfa143c70f4, type: 2}
      propertyPath: m_IsActive
      value: 1
      objectReference: {fileID: 0}
    - target: {fileID: 1232172609815596, guid: db52ad91aa7598a4f817edfa143c70f4, type: 2}
      propertyPath: m_IsActive
      value: 1
      objectReference: {fileID: 0}
    - target: {fileID: 1535971631654974, guid: db52ad91aa7598a4f817edfa143c70f4, type: 2}
      propertyPath: m_IsActive
      value: 1
      objectReference: {fileID: 0}
    - target: {fileID: 1566485936575060, guid: db52ad91aa7598a4f817edfa143c70f4, type: 2}
      propertyPath: m_IsActive
      value: 1
      objectReference: {fileID: 0}
    - target: {fileID: 1433029961933670, guid: db52ad91aa7598a4f817edfa143c70f4, type: 2}
      propertyPath: m_IsActive
      value: 1
      objectReference: {fileID: 0}
    - target: {fileID: 1708156927721250, guid: db52ad91aa7598a4f817edfa143c70f4, type: 2}
      propertyPath: m_IsActive
      value: 1
      objectReference: {fileID: 0}
    - target: {fileID: 1993064548100454, guid: db52ad91aa7598a4f817edfa143c70f4, type: 2}
      propertyPath: m_IsActive
      value: 1
      objectReference: {fileID: 0}
    - target: {fileID: 1680582372130010, guid: db52ad91aa7598a4f817edfa143c70f4, type: 2}
      propertyPath: m_IsActive
      value: 1
      objectReference: {fileID: 0}
    - target: {fileID: 1539976727431020, guid: db52ad91aa7598a4f817edfa143c70f4, type: 2}
      propertyPath: m_IsActive
      value: 1
      objectReference: {fileID: 0}
    - target: {fileID: 1550083283184904, guid: db52ad91aa7598a4f817edfa143c70f4, type: 2}
      propertyPath: m_IsActive
      value: 1
      objectReference: {fileID: 0}
    - target: {fileID: 1964676060071820, guid: db52ad91aa7598a4f817edfa143c70f4, type: 2}
      propertyPath: m_IsActive
      value: 1
      objectReference: {fileID: 0}
    - target: {fileID: 1925777531757206, guid: db52ad91aa7598a4f817edfa143c70f4, type: 2}
      propertyPath: m_IsActive
      value: 1
      objectReference: {fileID: 0}
    - target: {fileID: 1847020394596216, guid: db52ad91aa7598a4f817edfa143c70f4, type: 2}
      propertyPath: m_IsActive
      value: 1
      objectReference: {fileID: 0}
    - target: {fileID: 1583087427865852, guid: db52ad91aa7598a4f817edfa143c70f4, type: 2}
      propertyPath: m_IsActive
      value: 1
      objectReference: {fileID: 0}
    - target: {fileID: 1800840627380502, guid: db52ad91aa7598a4f817edfa143c70f4, type: 2}
      propertyPath: m_IsActive
      value: 1
      objectReference: {fileID: 0}
    - target: {fileID: 1898491283655012, guid: db52ad91aa7598a4f817edfa143c70f4, type: 2}
      propertyPath: m_IsActive
      value: 1
      objectReference: {fileID: 0}
    - target: {fileID: 1056300407494706, guid: db52ad91aa7598a4f817edfa143c70f4, type: 2}
      propertyPath: m_IsActive
      value: 1
      objectReference: {fileID: 0}
    - target: {fileID: 1329365873284928, guid: db52ad91aa7598a4f817edfa143c70f4, type: 2}
      propertyPath: m_IsActive
      value: 1
      objectReference: {fileID: 0}
    - target: {fileID: 1431798416942054, guid: db52ad91aa7598a4f817edfa143c70f4, type: 2}
      propertyPath: m_IsActive
      value: 1
      objectReference: {fileID: 0}
    - target: {fileID: 1161416343666742, guid: db52ad91aa7598a4f817edfa143c70f4, type: 2}
      propertyPath: m_IsActive
      value: 1
      objectReference: {fileID: 0}
    - target: {fileID: 1584050275330806, guid: db52ad91aa7598a4f817edfa143c70f4, type: 2}
      propertyPath: m_IsActive
      value: 1
      objectReference: {fileID: 0}
    - target: {fileID: 1177387964398182, guid: db52ad91aa7598a4f817edfa143c70f4, type: 2}
      propertyPath: m_IsActive
      value: 1
      objectReference: {fileID: 0}
    - target: {fileID: 1865258509081222, guid: db52ad91aa7598a4f817edfa143c70f4, type: 2}
      propertyPath: m_IsActive
      value: 1
      objectReference: {fileID: 0}
    - target: {fileID: 1334487365844906, guid: db52ad91aa7598a4f817edfa143c70f4, type: 2}
      propertyPath: m_IsActive
      value: 1
      objectReference: {fileID: 0}
    - target: {fileID: 1058056408066542, guid: db52ad91aa7598a4f817edfa143c70f4, type: 2}
      propertyPath: m_IsActive
      value: 1
      objectReference: {fileID: 0}
    - target: {fileID: 1030451027556998, guid: db52ad91aa7598a4f817edfa143c70f4, type: 2}
      propertyPath: m_IsActive
      value: 1
      objectReference: {fileID: 0}
    - target: {fileID: 1837272113564200, guid: db52ad91aa7598a4f817edfa143c70f4, type: 2}
      propertyPath: m_IsActive
      value: 1
      objectReference: {fileID: 0}
    - target: {fileID: 1680962901369348, guid: db52ad91aa7598a4f817edfa143c70f4, type: 2}
      propertyPath: m_IsActive
      value: 1
      objectReference: {fileID: 0}
    - target: {fileID: 1533825483836040, guid: db52ad91aa7598a4f817edfa143c70f4, type: 2}
      propertyPath: m_IsActive
      value: 1
      objectReference: {fileID: 0}
    - target: {fileID: 1213688286978334, guid: db52ad91aa7598a4f817edfa143c70f4, type: 2}
      propertyPath: m_IsActive
      value: 1
      objectReference: {fileID: 0}
    - target: {fileID: 1664464018321692, guid: db52ad91aa7598a4f817edfa143c70f4, type: 2}
      propertyPath: m_IsActive
      value: 1
      objectReference: {fileID: 0}
    - target: {fileID: 1235569047382672, guid: db52ad91aa7598a4f817edfa143c70f4, type: 2}
      propertyPath: m_IsActive
      value: 1
      objectReference: {fileID: 0}
    - target: {fileID: 1431100684388424, guid: db52ad91aa7598a4f817edfa143c70f4, type: 2}
      propertyPath: m_IsActive
      value: 1
      objectReference: {fileID: 0}
    - target: {fileID: 1087098698330140, guid: db52ad91aa7598a4f817edfa143c70f4, type: 2}
      propertyPath: m_IsActive
      value: 1
      objectReference: {fileID: 0}
    - target: {fileID: 1868217565137446, guid: db52ad91aa7598a4f817edfa143c70f4, type: 2}
      propertyPath: m_IsActive
      value: 1
      objectReference: {fileID: 0}
    - target: {fileID: 1071195605186924, guid: db52ad91aa7598a4f817edfa143c70f4, type: 2}
      propertyPath: m_IsActive
      value: 1
      objectReference: {fileID: 0}
    - target: {fileID: 1191903670634290, guid: db52ad91aa7598a4f817edfa143c70f4, type: 2}
      propertyPath: m_IsActive
      value: 1
      objectReference: {fileID: 0}
    - target: {fileID: 1760127273271492, guid: db52ad91aa7598a4f817edfa143c70f4, type: 2}
      propertyPath: m_IsActive
      value: 1
      objectReference: {fileID: 0}
    - target: {fileID: 1269170305527722, guid: db52ad91aa7598a4f817edfa143c70f4, type: 2}
      propertyPath: m_IsActive
      value: 1
      objectReference: {fileID: 0}
    - target: {fileID: 1718736792462286, guid: db52ad91aa7598a4f817edfa143c70f4, type: 2}
      propertyPath: m_IsActive
      value: 1
      objectReference: {fileID: 0}
    - target: {fileID: 1309784496589980, guid: db52ad91aa7598a4f817edfa143c70f4, type: 2}
      propertyPath: m_IsActive
      value: 1
      objectReference: {fileID: 0}
    - target: {fileID: 1477858833089072, guid: db52ad91aa7598a4f817edfa143c70f4, type: 2}
      propertyPath: m_IsActive
      value: 1
      objectReference: {fileID: 0}
    - target: {fileID: 1476190513575766, guid: db52ad91aa7598a4f817edfa143c70f4, type: 2}
      propertyPath: m_IsActive
      value: 1
      objectReference: {fileID: 0}
    - target: {fileID: 1777729355717634, guid: db52ad91aa7598a4f817edfa143c70f4, type: 2}
      propertyPath: m_IsActive
      value: 1
      objectReference: {fileID: 0}
    - target: {fileID: 1914479994990508, guid: db52ad91aa7598a4f817edfa143c70f4, type: 2}
      propertyPath: m_IsActive
      value: 1
      objectReference: {fileID: 0}
    - target: {fileID: 1492669729329984, guid: db52ad91aa7598a4f817edfa143c70f4, type: 2}
      propertyPath: m_IsActive
      value: 1
      objectReference: {fileID: 0}
    - target: {fileID: 1572583434845052, guid: db52ad91aa7598a4f817edfa143c70f4, type: 2}
      propertyPath: m_IsActive
      value: 1
      objectReference: {fileID: 0}
    - target: {fileID: 1757320679496180, guid: db52ad91aa7598a4f817edfa143c70f4, type: 2}
      propertyPath: m_IsActive
      value: 1
      objectReference: {fileID: 0}
    - target: {fileID: 1985806856853136, guid: db52ad91aa7598a4f817edfa143c70f4, type: 2}
      propertyPath: m_IsActive
      value: 1
      objectReference: {fileID: 0}
    - target: {fileID: 1495317650144774, guid: db52ad91aa7598a4f817edfa143c70f4, type: 2}
      propertyPath: m_IsActive
      value: 1
      objectReference: {fileID: 0}
    - target: {fileID: 1490197433215818, guid: db52ad91aa7598a4f817edfa143c70f4, type: 2}
      propertyPath: m_IsActive
      value: 1
      objectReference: {fileID: 0}
    - target: {fileID: 1330133484163904, guid: db52ad91aa7598a4f817edfa143c70f4, type: 2}
      propertyPath: m_IsActive
      value: 1
      objectReference: {fileID: 0}
    - target: {fileID: 1969996018135448, guid: db52ad91aa7598a4f817edfa143c70f4, type: 2}
      propertyPath: m_IsActive
      value: 1
      objectReference: {fileID: 0}
    - target: {fileID: 1035590790887678, guid: db52ad91aa7598a4f817edfa143c70f4, type: 2}
      propertyPath: m_IsActive
      value: 1
      objectReference: {fileID: 0}
    - target: {fileID: 1860233735932822, guid: db52ad91aa7598a4f817edfa143c70f4, type: 2}
      propertyPath: m_IsActive
      value: 1
      objectReference: {fileID: 0}
    - target: {fileID: 1847102168817172, guid: db52ad91aa7598a4f817edfa143c70f4, type: 2}
      propertyPath: m_IsActive
      value: 1
      objectReference: {fileID: 0}
    - target: {fileID: 1740373092914874, guid: db52ad91aa7598a4f817edfa143c70f4, type: 2}
      propertyPath: m_IsActive
      value: 1
      objectReference: {fileID: 0}
    - target: {fileID: 1466198140796868, guid: db52ad91aa7598a4f817edfa143c70f4, type: 2}
      propertyPath: m_IsActive
      value: 1
      objectReference: {fileID: 0}
    - target: {fileID: 1933660301178862, guid: db52ad91aa7598a4f817edfa143c70f4, type: 2}
      propertyPath: m_IsActive
      value: 1
      objectReference: {fileID: 0}
    - target: {fileID: 1765284814383708, guid: db52ad91aa7598a4f817edfa143c70f4, type: 2}
      propertyPath: m_IsActive
      value: 1
      objectReference: {fileID: 0}
    - target: {fileID: 1698851889741740, guid: db52ad91aa7598a4f817edfa143c70f4, type: 2}
      propertyPath: m_IsActive
      value: 1
      objectReference: {fileID: 0}
    - target: {fileID: 1040997707194608, guid: db52ad91aa7598a4f817edfa143c70f4, type: 2}
      propertyPath: m_IsActive
      value: 1
      objectReference: {fileID: 0}
    - target: {fileID: 1439695288411064, guid: db52ad91aa7598a4f817edfa143c70f4, type: 2}
      propertyPath: m_IsActive
      value: 1
      objectReference: {fileID: 0}
    - target: {fileID: 1799011106866408, guid: db52ad91aa7598a4f817edfa143c70f4, type: 2}
      propertyPath: m_IsActive
      value: 1
      objectReference: {fileID: 0}
    m_RemovedComponents: []
  m_SourcePrefab: {fileID: 100100000, guid: db52ad91aa7598a4f817edfa143c70f4, type: 2}
  m_IsPrefabAsset: 0
--- !u!1 &854154580
GameObject:
  m_ObjectHideFlags: 0
  m_CorrespondingSourceObject: {fileID: 0}
  m_PrefabInternal: {fileID: 0}
  serializedVersion: 6
  m_Component:
  - component: {fileID: 854154582}
  - component: {fileID: 854154581}
  m_Layer: 0
  m_Name: Directional light
  m_TagString: Untagged
  m_Icon: {fileID: 0}
  m_NavMeshLayer: 0
  m_StaticEditorFlags: 4294967295
  m_IsActive: 1
--- !u!108 &854154581
Light:
  m_ObjectHideFlags: 0
  m_CorrespondingSourceObject: {fileID: 0}
  m_PrefabInternal: {fileID: 0}
  m_GameObject: {fileID: 854154580}
  m_Enabled: 1
  serializedVersion: 8
  m_Type: 1
  m_Color: {r: 1, g: 0.8750507, b: 0.35294116, a: 1}
  m_Intensity: 0.2
  m_Range: 10
  m_SpotAngle: 30
  m_CookieSize: 10
  m_Shadows:
    m_Type: 0
    m_Resolution: -1
    m_CustomResolution: -1
    m_Strength: 1
    m_Bias: 0.05
    m_NormalBias: 0.4
    m_NearPlane: 0.2
  m_Cookie: {fileID: 0}
  m_DrawHalo: 0
  m_Flare: {fileID: 0}
  m_RenderMode: 0
  m_CullingMask:
    serializedVersion: 2
    m_Bits: 4294967295
  m_Lightmapping: 4
  m_LightShadowCasterMode: 0
  m_AreaSize: {x: 1, y: 1}
  m_BounceIntensity: 0
  m_ColorTemperature: 6570
  m_UseColorTemperature: 0
  m_ShadowRadius: 0
  m_ShadowAngle: 0
--- !u!4 &854154582
Transform:
  m_ObjectHideFlags: 0
  m_CorrespondingSourceObject: {fileID: 0}
  m_PrefabInternal: {fileID: 0}
  m_GameObject: {fileID: 854154580}
  m_LocalRotation: {x: 0, y: 0, z: 0, w: 1}
  m_LocalPosition: {x: 0, y: 50, z: 0}
  m_LocalScale: {x: 1, y: 1, z: 1}
  m_Children: []
  m_Father: {fileID: 0}
  m_RootOrder: 0
  m_LocalEulerAnglesHint: {x: 0, y: 0, z: 0}
--- !u!1001 &1070488678
Prefab:
  m_ObjectHideFlags: 0
  serializedVersion: 2
  m_Modification:
    m_TransformParent: {fileID: 0}
    m_Modifications:
    - target: {fileID: 400000, guid: 1c8748acbfe1eb64d88a630bf10a9aa2, type: 2}
      propertyPath: m_LocalPosition.x
      value: 0
      objectReference: {fileID: 0}
    - target: {fileID: 400000, guid: 1c8748acbfe1eb64d88a630bf10a9aa2, type: 2}
      propertyPath: m_LocalPosition.y
      value: -5
      objectReference: {fileID: 0}
    - target: {fileID: 400000, guid: 1c8748acbfe1eb64d88a630bf10a9aa2, type: 2}
      propertyPath: m_LocalPosition.z
      value: 0
      objectReference: {fileID: 0}
    - target: {fileID: 400000, guid: 1c8748acbfe1eb64d88a630bf10a9aa2, type: 2}
      propertyPath: m_LocalRotation.x
      value: 0
      objectReference: {fileID: 0}
    - target: {fileID: 400000, guid: 1c8748acbfe1eb64d88a630bf10a9aa2, type: 2}
      propertyPath: m_LocalRotation.y
      value: 0
      objectReference: {fileID: 0}
    - target: {fileID: 400000, guid: 1c8748acbfe1eb64d88a630bf10a9aa2, type: 2}
      propertyPath: m_LocalRotation.z
      value: 0
      objectReference: {fileID: 0}
    - target: {fileID: 400000, guid: 1c8748acbfe1eb64d88a630bf10a9aa2, type: 2}
      propertyPath: m_LocalRotation.w
      value: 1
      objectReference: {fileID: 0}
    - target: {fileID: 400000, guid: 1c8748acbfe1eb64d88a630bf10a9aa2, type: 2}
      propertyPath: m_RootOrder
      value: 1
      objectReference: {fileID: 0}
    m_RemovedComponents: []
  m_SourcePrefab: {fileID: 100100000, guid: 1c8748acbfe1eb64d88a630bf10a9aa2, type: 2}
  m_IsPrefabAsset: 0
--- !u!114 &1135590695 stripped
MonoBehaviour:
  m_CorrespondingSourceObject: {fileID: 11400000, guid: 1c8748acbfe1eb64d88a630bf10a9aa2,
    type: 2}
  m_PrefabInternal: {fileID: 1070488678}
  m_Script: {fileID: 11500000, guid: 923a01d66c4618446abb082250646478, type: 3}
--- !u!4 &1135590696 stripped
Transform:
  m_CorrespondingSourceObject: {fileID: 400000, guid: 1c8748acbfe1eb64d88a630bf10a9aa2,
    type: 2}
  m_PrefabInternal: {fileID: 1070488678}
--- !u!1001 &1331581126
Prefab:
  m_ObjectHideFlags: 0
  serializedVersion: 2
  m_Modification:
    m_TransformParent: {fileID: 0}
    m_Modifications:
    - target: {fileID: 4219321533192196, guid: dc871c8d4177a89438c071abb690521e, type: 2}
      propertyPath: m_LocalPosition.x
      value: -2.48
      objectReference: {fileID: 0}
    - target: {fileID: 4219321533192196, guid: dc871c8d4177a89438c071abb690521e, type: 2}
      propertyPath: m_LocalPosition.y
      value: -5.78
      objectReference: {fileID: 0}
    - target: {fileID: 4219321533192196, guid: dc871c8d4177a89438c071abb690521e, type: 2}
      propertyPath: m_LocalPosition.z
      value: 0
      objectReference: {fileID: 0}
    - target: {fileID: 4219321533192196, guid: dc871c8d4177a89438c071abb690521e, type: 2}
      propertyPath: m_LocalRotation.x
      value: 0
      objectReference: {fileID: 0}
    - target: {fileID: 4219321533192196, guid: dc871c8d4177a89438c071abb690521e, type: 2}
      propertyPath: m_LocalRotation.y
      value: 1
      objectReference: {fileID: 0}
    - target: {fileID: 4219321533192196, guid: dc871c8d4177a89438c071abb690521e, type: 2}
      propertyPath: m_LocalRotation.z
      value: 0
      objectReference: {fileID: 0}
    - target: {fileID: 4219321533192196, guid: dc871c8d4177a89438c071abb690521e, type: 2}
      propertyPath: m_LocalRotation.w
      value: 0
      objectReference: {fileID: 0}
    - target: {fileID: 4219321533192196, guid: dc871c8d4177a89438c071abb690521e, type: 2}
      propertyPath: m_RootOrder
      value: 5
      objectReference: {fileID: 0}
    m_RemovedComponents: []
  m_SourcePrefab: {fileID: 100100000, guid: dc871c8d4177a89438c071abb690521e, type: 2}
  m_IsPrefabAsset: 0
--- !u!1 &1335557353
GameObject:
  m_ObjectHideFlags: 0
  m_CorrespondingSourceObject: {fileID: 0}
  m_PrefabInternal: {fileID: 0}
  serializedVersion: 6
  m_Component:
  - component: {fileID: 1335557355}
  - component: {fileID: 1335557354}
  m_Layer: 0
  m_Name: New Game Object
  m_TagString: Untagged
  m_Icon: {fileID: 0}
  m_NavMeshLayer: 0
  m_StaticEditorFlags: 0
  m_IsActive: 1
--- !u!114 &1335557354
MonoBehaviour:
  m_ObjectHideFlags: 0
  m_CorrespondingSourceObject: {fileID: 0}
  m_PrefabInternal: {fileID: 0}
  m_GameObject: {fileID: 1335557353}
  m_Enabled: 1
  m_EditorHideFlags: 0
  m_Script: {fileID: 11500000, guid: 88fcac034e6398d42ac254095d9b2d18, type: 3}
  m_Name: 
  m_EditorClassIdentifier: 
  PlayerPrefabs: []
  AutoAttributePlayerIDs: 1
  DebugSpawn: {fileID: 0}
  CheckpointAttributionAxis: 0
  CheckpointAttributionDirection: 0
  CurrentCheckPoint: {fileID: 0}
  PointsOfEntry: []
  IntroFadeDuration: 1
  OutroFadeDuration: 1
  RespawnDelay: 2
  LevelBounds:
    m_Center: {x: 0, y: 0, z: 0}
    m_Extent: {x: 5, y: 5, z: 5}
  OneWayLevelMode: 0
  NoGoingBackColliderSize: {x: 5, y: 5}
  NoGoingBackThreshold: 5
  NoGoingBackMinDistanceFromBounds: 10
  OneWayLevelKillMode: 0
--- !u!4 &1335557355
Transform:
  m_ObjectHideFlags: 0
  m_CorrespondingSourceObject: {fileID: 0}
  m_PrefabInternal: {fileID: 0}
  m_GameObject: {fileID: 1335557353}
  m_LocalRotation: {x: 0, y: 0, z: 0, w: 1}
  m_LocalPosition: {x: 0, y: 0, z: 0}
  m_LocalScale: {x: 1, y: 1, z: 1}
  m_Children: []
  m_Father: {fileID: 0}
  m_RootOrder: 8
  m_LocalEulerAnglesHint: {x: 0, y: 0, z: 0}
--- !u!1001 &1486809736
Prefab:
  m_ObjectHideFlags: 0
  serializedVersion: 2
  m_Modification:
    m_TransformParent: {fileID: 0}
    m_Modifications:
    - target: {fileID: 4626464018673452, guid: ca3e8429865a3504a8a3ab48bff29e61, type: 2}
      propertyPath: m_LocalPosition.x
      value: -1.42
      objectReference: {fileID: 0}
    - target: {fileID: 4626464018673452, guid: ca3e8429865a3504a8a3ab48bff29e61, type: 2}
      propertyPath: m_LocalPosition.y
      value: -7
      objectReference: {fileID: 0}
    - target: {fileID: 4626464018673452, guid: ca3e8429865a3504a8a3ab48bff29e61, type: 2}
      propertyPath: m_LocalPosition.z
      value: 0
      objectReference: {fileID: 0}
    - target: {fileID: 4626464018673452, guid: ca3e8429865a3504a8a3ab48bff29e61, type: 2}
      propertyPath: m_LocalRotation.x
      value: -0
      objectReference: {fileID: 0}
    - target: {fileID: 4626464018673452, guid: ca3e8429865a3504a8a3ab48bff29e61, type: 2}
      propertyPath: m_LocalRotation.y
      value: -0
      objectReference: {fileID: 0}
    - target: {fileID: 4626464018673452, guid: ca3e8429865a3504a8a3ab48bff29e61, type: 2}
      propertyPath: m_LocalRotation.z
      value: -0
      objectReference: {fileID: 0}
    - target: {fileID: 4626464018673452, guid: ca3e8429865a3504a8a3ab48bff29e61, type: 2}
      propertyPath: m_LocalRotation.w
      value: 1
      objectReference: {fileID: 0}
    - target: {fileID: 4626464018673452, guid: ca3e8429865a3504a8a3ab48bff29e61, type: 2}
      propertyPath: m_RootOrder
      value: 4
      objectReference: {fileID: 0}
    - target: {fileID: 137554554951398720, guid: ca3e8429865a3504a8a3ab48bff29e61,
        type: 2}
      propertyPath: m_Mesh
      value: 
      objectReference: {fileID: 0}
    - target: {fileID: 137072809931504666, guid: ca3e8429865a3504a8a3ab48bff29e61,
        type: 2}
      propertyPath: m_Mesh
      value: 
      objectReference: {fileID: 0}
    - target: {fileID: 137193484603030100, guid: ca3e8429865a3504a8a3ab48bff29e61,
        type: 2}
      propertyPath: m_Mesh
      value: 
      objectReference: {fileID: 0}
    - target: {fileID: 137549731198848012, guid: ca3e8429865a3504a8a3ab48bff29e61,
        type: 2}
      propertyPath: m_Mesh
      value: 
      objectReference: {fileID: 0}
    - target: {fileID: 137982851134755568, guid: ca3e8429865a3504a8a3ab48bff29e61,
        type: 2}
      propertyPath: m_Mesh
      value: 
      objectReference: {fileID: 0}
    - target: {fileID: 137848013170902662, guid: ca3e8429865a3504a8a3ab48bff29e61,
        type: 2}
      propertyPath: m_Mesh
      value: 
      objectReference: {fileID: 0}
    - target: {fileID: 137440468886309394, guid: ca3e8429865a3504a8a3ab48bff29e61,
        type: 2}
      propertyPath: m_Mesh
      value: 
      objectReference: {fileID: 0}
    - target: {fileID: 137661089029336806, guid: ca3e8429865a3504a8a3ab48bff29e61,
        type: 2}
      propertyPath: m_Mesh
      value: 
      objectReference: {fileID: 0}
    - target: {fileID: 137363542308528554, guid: ca3e8429865a3504a8a3ab48bff29e61,
        type: 2}
      propertyPath: m_Mesh
      value: 
      objectReference: {fileID: 0}
    - target: {fileID: 137872481370376804, guid: ca3e8429865a3504a8a3ab48bff29e61,
        type: 2}
      propertyPath: m_Mesh
      value: 
      objectReference: {fileID: 0}
    - target: {fileID: 137518918211464196, guid: ca3e8429865a3504a8a3ab48bff29e61,
        type: 2}
      propertyPath: m_Mesh
      value: 
      objectReference: {fileID: 0}
    - target: {fileID: 137488325925035914, guid: ca3e8429865a3504a8a3ab48bff29e61,
        type: 2}
      propertyPath: m_Mesh
      value: 
      objectReference: {fileID: 0}
    - target: {fileID: 137794977204250658, guid: ca3e8429865a3504a8a3ab48bff29e61,
        type: 2}
      propertyPath: m_Mesh
      value: 
      objectReference: {fileID: 0}
    - target: {fileID: 137135601635544518, guid: ca3e8429865a3504a8a3ab48bff29e61,
        type: 2}
      propertyPath: m_SortingOrder
      value: 53
      objectReference: {fileID: 0}
    - target: {fileID: 137440468886309394, guid: ca3e8429865a3504a8a3ab48bff29e61,
        type: 2}
      propertyPath: m_SortingOrder
      value: 55
      objectReference: {fileID: 0}
    - target: {fileID: 137137800094146022, guid: ca3e8429865a3504a8a3ab48bff29e61,
        type: 2}
      propertyPath: m_Mesh
      value: 
      objectReference: {fileID: 0}
    - target: {fileID: 137080899510460412, guid: ca3e8429865a3504a8a3ab48bff29e61,
        type: 2}
      propertyPath: m_SortingOrder
      value: 0
      objectReference: {fileID: 0}
    - target: {fileID: 137488325925035914, guid: ca3e8429865a3504a8a3ab48bff29e61,
        type: 2}
      propertyPath: m_SortingOrder
      value: 0
      objectReference: {fileID: 0}
    - target: {fileID: 137661089029336806, guid: ca3e8429865a3504a8a3ab48bff29e61,
        type: 2}
      propertyPath: m_SortingOrder
      value: 54
      objectReference: {fileID: 0}
    - target: {fileID: 137363542308528554, guid: ca3e8429865a3504a8a3ab48bff29e61,
        type: 2}
      propertyPath: m_SortingOrder
      value: 55
      objectReference: {fileID: 0}
    - target: {fileID: 137193484603030100, guid: ca3e8429865a3504a8a3ab48bff29e61,
        type: 2}
      propertyPath: m_SortingOrder
      value: 45
      objectReference: {fileID: 0}
    - target: {fileID: 137794977204250658, guid: ca3e8429865a3504a8a3ab48bff29e61,
        type: 2}
      propertyPath: m_SortingOrder
      value: 0
      objectReference: {fileID: 0}
    - target: {fileID: 137072809931504666, guid: ca3e8429865a3504a8a3ab48bff29e61,
        type: 2}
      propertyPath: m_SortingOrder
      value: 44
      objectReference: {fileID: 0}
    - target: {fileID: 137518918211464196, guid: ca3e8429865a3504a8a3ab48bff29e61,
        type: 2}
      propertyPath: m_SortingOrder
      value: 55
      objectReference: {fileID: 0}
    - target: {fileID: 136041905222267348, guid: ca3e8429865a3504a8a3ab48bff29e61,
        type: 2}
      propertyPath: m_IsTrigger
      value: 1
      objectReference: {fileID: 0}
    - target: {fileID: 136811267842934482, guid: ca3e8429865a3504a8a3ab48bff29e61,
        type: 2}
      propertyPath: m_IsTrigger
      value: 1
      objectReference: {fileID: 0}
    - target: {fileID: 136780052521473304, guid: ca3e8429865a3504a8a3ab48bff29e61,
        type: 2}
      propertyPath: m_IsTrigger
      value: 1
      objectReference: {fileID: 0}
    - target: {fileID: 136137733743476262, guid: ca3e8429865a3504a8a3ab48bff29e61,
        type: 2}
      propertyPath: m_IsTrigger
      value: 1
      objectReference: {fileID: 0}
    - target: {fileID: 136986807986127834, guid: ca3e8429865a3504a8a3ab48bff29e61,
        type: 2}
      propertyPath: m_IsTrigger
      value: 1
      objectReference: {fileID: 0}
    - target: {fileID: 136148180580988170, guid: ca3e8429865a3504a8a3ab48bff29e61,
        type: 2}
      propertyPath: m_IsTrigger
      value: 1
      objectReference: {fileID: 0}
    - target: {fileID: 136651062448775242, guid: ca3e8429865a3504a8a3ab48bff29e61,
        type: 2}
      propertyPath: m_IsTrigger
      value: 1
      objectReference: {fileID: 0}
    - target: {fileID: 136162207075939622, guid: ca3e8429865a3504a8a3ab48bff29e61,
        type: 2}
      propertyPath: m_IsTrigger
      value: 1
      objectReference: {fileID: 0}
    - target: {fileID: 136581709857607408, guid: ca3e8429865a3504a8a3ab48bff29e61,
        type: 2}
      propertyPath: m_IsTrigger
      value: 1
      objectReference: {fileID: 0}
    - target: {fileID: 136142580686759084, guid: ca3e8429865a3504a8a3ab48bff29e61,
        type: 2}
      propertyPath: m_IsTrigger
      value: 1
      objectReference: {fileID: 0}
    - target: {fileID: 136802406151124882, guid: ca3e8429865a3504a8a3ab48bff29e61,
        type: 2}
      propertyPath: m_IsTrigger
      value: 1
      objectReference: {fileID: 0}
    - target: {fileID: 136753168822741106, guid: ca3e8429865a3504a8a3ab48bff29e61,
        type: 2}
      propertyPath: m_IsTrigger
      value: 1
      objectReference: {fileID: 0}
    - target: {fileID: 54399019307313604, guid: ca3e8429865a3504a8a3ab48bff29e61,
        type: 2}
      propertyPath: m_IsKinematic
      value: 1
      objectReference: {fileID: 0}
    - target: {fileID: 54399019307313604, guid: ca3e8429865a3504a8a3ab48bff29e61,
        type: 2}
      propertyPath: m_UseGravity
      value: 0
      objectReference: {fileID: 0}
    m_RemovedComponents: []
  m_SourcePrefab: {fileID: 100100000, guid: ca3e8429865a3504a8a3ab48bff29e61, type: 2}
  m_IsPrefabAsset: 0
--- !u!114 &2045883275 stripped
MonoBehaviour:
  m_CorrespondingSourceObject: {fileID: 114654187775426062, guid: ca3e8429865a3504a8a3ab48bff29e61,
    type: 2}
  m_PrefabInternal: {fileID: 1486809736}
  m_Script: {fileID: 11500000, guid: 2ae6e421097ef984682745de62ada876, type: 3}
--- !u!1001 &2048370936
Prefab:
  m_ObjectHideFlags: 0
  serializedVersion: 2
  m_Modification:
    m_TransformParent: {fileID: 0}
    m_Modifications:
    - target: {fileID: 4592560665162660, guid: 19a5b016c6efeaf4985291a23ad66cbd, type: 2}
      propertyPath: m_LocalPosition.x
      value: 0
      objectReference: {fileID: 0}
    - target: {fileID: 4592560665162660, guid: 19a5b016c6efeaf4985291a23ad66cbd, type: 2}
      propertyPath: m_LocalPosition.y
      value: 0
      objectReference: {fileID: 0}
    - target: {fileID: 4592560665162660, guid: 19a5b016c6efeaf4985291a23ad66cbd, type: 2}
      propertyPath: m_LocalPosition.z
      value: 0
      objectReference: {fileID: 0}
    - target: {fileID: 4592560665162660, guid: 19a5b016c6efeaf4985291a23ad66cbd, type: 2}
      propertyPath: m_LocalRotation.x
      value: 0
      objectReference: {fileID: 0}
    - target: {fileID: 4592560665162660, guid: 19a5b016c6efeaf4985291a23ad66cbd, type: 2}
      propertyPath: m_LocalRotation.y
      value: 0
      objectReference: {fileID: 0}
    - target: {fileID: 4592560665162660, guid: 19a5b016c6efeaf4985291a23ad66cbd, type: 2}
      propertyPath: m_LocalRotation.z
      value: 0
      objectReference: {fileID: 0}
    - target: {fileID: 4592560665162660, guid: 19a5b016c6efeaf4985291a23ad66cbd, type: 2}
      propertyPath: m_LocalRotation.w
      value: 1
      objectReference: {fileID: 0}
    - target: {fileID: 4592560665162660, guid: 19a5b016c6efeaf4985291a23ad66cbd, type: 2}
      propertyPath: m_RootOrder
      value: 3
      objectReference: {fileID: 0}
    - target: {fileID: 114945250367100234, guid: 19a5b016c6efeaf4985291a23ad66cbd,
        type: 2}
      propertyPath: PlayerPrefabs.Array.data[0]
      value: 
      objectReference: {fileID: 2045883275}
    - target: {fileID: 114945250367100234, guid: 19a5b016c6efeaf4985291a23ad66cbd,
        type: 2}
      propertyPath: DebugSpawn
      value: 
      objectReference: {fileID: 1135590695}
    - target: {fileID: 114945250367100234, guid: 19a5b016c6efeaf4985291a23ad66cbd,
        type: 2}
      propertyPath: PointsOfEntry.Array.data[0]
      value: 
      objectReference: {fileID: 1135590696}
    m_RemovedComponents: []
  m_SourcePrefab: {fileID: 100100000, guid: 19a5b016c6efeaf4985291a23ad66cbd, type: 2}
  m_IsPrefabAsset: 0
